<collection xmlns="http://www.loc.gov/MARC21/slim">
<record>
  <leader>01328nam0a2200229 i 450 </leader>
  <controlfield tag="001">IT\ICCU\CNCE\014436</controlfield>
  <controlfield tag="005">20150525000000.0</controlfield>
  <datafield tag="012" ind1=" " ind2=" ">
    <subfield code="a">n-in o-,&amp; o-he Latr (C) 1599 (A)</subfield>
    <subfield code="2">fei</subfield>
  </datafield>
  <datafield tag="100" ind1=" " ind2=" ">
    <subfield code="a">19970101d1599        0itac0103    ba</subfield>
  </datafield>
  <datafield tag="101" ind1=" " ind2=" ">
    <subfield code="a">ITA</subfield>
  </datafield>
  <datafield tag="102" ind1=" " ind2=" ">
    <subfield code="a">IT</subfield>
  </datafield>
  <datafield tag="200" ind1="1" ind2=" ">
    <subfield code="a">Cronichetta venetiana doue breuemente si contengono, La edification di Venetia. Le vite di tutti gli serenissimi Dogi, con quanto  ̈successo sotto il lor dogato. Li habiti che portauano gli antichi. Il numero de i patriarchi. Il numero delle chiese, &amp; corpi santi. Il numero de&apos; ponti, delle gondole, &amp; de&apos; traghetti. Con vna discrettione del numero delle genti, &amp; di quanto pane, che si mangia in Venetia. Opera vtilissima, et diletteuole ad ogn&apos;un che desidera intendere</subfield>
  </datafield>
  <datafield tag="210" ind1=" " ind2=" ">
    <subfield code="a">In Venetia</subfield>
    <subfield code="c">ad istanza di Marco Bindoni</subfield>
    <subfield code="d">1599</subfield>
    <subfield code="e">\Venezia!</subfield>
    <subfield code="g">stampata ad instanza di Fidele da Venetia</subfield>
  </datafield>
  <datafield tag="215" ind1=" " ind2=" ">
    <subfield code="a">\30! c.</subfield>
    <subfield code="d">12ʻ</subfield>
  </datafield>
  <datafield tag="620" ind1=" " ind2=" ">
    <subfield code="a">IT</subfield>
    <subfield code="d">Venezia</subfield>
  </datafield>
  <datafield tag="712" ind1="0" ind2="0">
    <subfield code="a">Bindoni, Marco</subfield>
    <subfield code="3">IT\ICCU\CNCT\000584</subfield>
    <subfield code="4">650</subfield>
  </datafield>
  <datafield tag="712" ind1="0" ind2="2">
    <subfield code="a">Fedele da Venezia</subfield>
    <subfield code="3">IT\ICCU\CNCT\001632</subfield>
    <subfield code="4">650</subfield>
  </datafield>
  <datafield tag="791" ind1="0" ind2="0">
    <subfield code="a">Venezia, Fedele da</subfield>
    <subfield code="3">IT\ICCU\CNCT\003577</subfield>
    <subfield code="z">Fedele da Venezia</subfield>
  </datafield>
  <datafield tag="791" ind1="0" ind2="2">
    <subfield code="a">Fidele da Venetia</subfield>
    <subfield code="3">IT\ICCU\CNCT\005484</subfield>
    <subfield code="z">Fedele da Venezia</subfield>
  </datafield>
  <datafield tag="791" ind1="0" ind2="2">
    <subfield code="a">Felis Bergamascho</subfield>
    <subfield code="3">IT\ICCU\CNCT\005486</subfield>
    <subfield code="z">Fedele da Venezia</subfield>
  </datafield>
  <datafield tag="801" ind1=" " ind2="3">
    <subfield code="a">IT</subfield>
    <subfield code="b">ICCU</subfield>
    <subfield code="c">20201114</subfield>
  </datafield>
  <datafield tag="899" ind1=" " ind2=" ">
    <subfield code="a">Biblioteca civica. Verona</subfield>
    <subfield code="1">VR0059</subfield>
    <subfield code="2">ZVR 02</subfield>
  </datafield>
</record>
</collection>
